@book{anton_1991, place={New York}, title={Elementary linear algebra Anton: 6th ed.}, publisher={Wiley}, author={Anton, Howard}, year={1991}}

@book{hoffman_kunze_2015, place={Noida, U.P., India}, title={Linear algebra}, publisher={Pearson}, author={Hoffman, Kenneth and Kunze, Ray Alden}, year={2015}}

@book{lay_lay_mcdonald_2016, place={Harlow}, title={Linear algebra and its applications}, publisher={Pearson Education Limited}, author={Lay, David C. and Lay, Steven R. and McDonald, Judi J.}, year={2016}}

@book{loomis_sternberg_1968, place={Reading, MA}, title={Advanced calculus Lynn H. Loomis and Shlomo Sternberg}, publisher={Addison-Wesley Pub. Co.}, author={Loomis, Lynn H. and Sternberg, Shlomo}, year={1968}}

@book{finney_2012, place={Pearson}, title={Calculus: A Complete Course}, author={Finney, Ross L.}, year={2012}}

@book{weir_thomas_1996, place={Reading, MA}, title={Calculus and analytic geometry, 9th edition}, publisher={Addison-Wesley Pub. Co.}, author={Thomas, George Brinton}, year={1996}}

@misc{gross, title={Calculus Revisited: Multivariable Calculus}, url={https://ocw.mit.edu/resources/res-18-007-calculus-revisited-multivariable-calculus-fall-2011/}, journal={MIT OpenCourseWare}, publisher={About MIT OpenCourseWare OCW is a free and open publication of material from thousands of MIT courses, covering the entire MIT curriculum. Learn more » © 2001–2016 Massachusetts Institute of Technology Your use of the MIT OpenCourseWare site and materials is subject to our Creative Commons License and other terms of use.}, author={Gross, Herbert}}